<?xml version="1.0" encoding="UTF-8"?><collection xmlns="http://www.loc.gov/MARC21/slim"><record><leader>00480nam--2200181-i-4500</leader><controlfield tag="001">000027116</controlfield><controlfield tag="002">20161230</controlfield><controlfield tag="005">20161230201036</controlfield><controlfield tag="008">060222s1000------------r-----000-0-ger-d</controlfield><datafield ind1=" " ind2=" " tag="028"><subfield code="a">IFIN-HH</subfield></datafield><datafield ind1=" " ind2=" " tag="041"><subfield code="a">ger</subfield></datafield><datafield ind1=" " ind2=" " tag="080"><subfield code="a">535.37(043)</subfield></datafield><datafield ind1="1" ind2=" " tag="100"><subfield code="a">Kimpel, Barbara</subfield></datafield><datafield ind1="1" ind2="0" tag="245"><subfield code="a">Kathadolumineszenz dotierter verbindungshalbleiter</subfield><subfield code="b">Dissertation</subfield><subfield code="c">Barbara kimpel</subfield></datafield><datafield ind1=" " ind2=" " tag="260"><subfield code="a">Berlin</subfield><subfield code="b">Universitat</subfield><subfield code="c">1991</subfield></datafield><datafield ind1=" " ind2=" " tag="300"><subfield code="a">71P</subfield></datafield><datafield ind1=" " ind2=" " tag="852"><subfield code="a">79830</subfield><subfield code="c">535.37</subfield></datafield><datafield ind1=" " ind2=" " tag="CAT"><subfield code="a">Sys</subfield><subfield code="c">20110502</subfield><subfield code="h">144615</subfield></datafield></record></collection>